@misc{dblp,
   author = "Michael Ley and others",
   title = "dblp computer science bibliography dataset",
   year = "2016",
   howpublished = "\url{http://dblp.uni-trier.de/xml}",
   note = "last accessed: 18-March-2016"
 }

@misc{Lucene,
   author = "{Apache Software Foundation}",
   title = "Lucene",
   year = "2016",
   howpublished = "\url{https://lucene.apache.org}",
   note = "last accessed: 18-March-2016"
 }

@misc{lxml,
   author = "Stefan Behnel and others",
   title = "lxml",
   year = "2016",
   howpublished = "\url{http://lxml.de}",
   note = "last accessed: 18-March-2016"
 }

@misc{Flask,
   author = "Armin Ronacher",
   title = "Flask",
   year = "2016",
   howpublished = "\url{http://flask.pocoo.org}",
   note = "last accessed: 18-March-2016"
 }

@misc{Jinja2,
   author = "Armin Ronacher",
   title = "Jinja2",
   year = "2016",
   howpublished = "\url{http://jinja.pocoo.org}",
   note = "last accessed: 18-March-2016"
 }

@misc{Bootstrap,
   author = "{Bootstrap Core Team}",
   title = "Bootstrap",
   year = "2016",
   howpublished = "\url{http://getbootstrap.com}",
   note = "last accessed: 18-March-2016"
 }

@article{blei2003latent,
  title={Latent dirichlet allocation},
  author={Blei, David M and Ng, Andrew Y and Jordan, Michael I},
  journal={the Journal of machine Learning research},
  volume={3},
  pages={993--1022},
  year={2003},
  publisher={JMLR. org}
}
